@book{segal2002supreme,
  title={The Supreme Court and the attitudinal model revisited},
  author={Segal, Jeffrey A and Spaeth, Harold J},
  year={2002},
  publisher={Cambridge University Press}
},
	@article{rios2006institutional,
  title={Institutional determinants of the judicialisation of policy in Brazil and Mexico},
  author={Rios-Figueroa, Julio and Taylor, Matthew M},
  journal={Journal of Latin American Studies},
  volume={38},
  number={4},
  pages={739},
  year={2006},
  publisher={Cambridge Univ Press}
},
	@Book{taylor2008judging,
  Title                    = {Judging policy: courts and policy reform in democratic Brazil},
  Author                   = {Taylor, Matthew},
  Publisher                = {Stanford University Press},
  Year                     = {2008}
},
@Article{hanssen2004there,
  Title                    = {Is there a politically optimal level of judicial independence?},
  Author                   = {Hanssen, F Andrew},
  Journal                  = {The American Economic Review},
  Year                     = {2004},
  Number                   = {3},
  Pages                    = {712--729},
  Volume                   = {94},

  Publisher                = {American Economic Association}
},
@article{taylor2014limits,
  title={The limits of judicial independence: A Model with illustration from Venezuela under Chavez},
  author={Taylor, Matthew M},
  journal={Journal of Latin American Studies},
  volume={46},
  number={2},
  pages={229--259},
  year={2014},
  publisher={Cambridge University Press}
},
@Article{helmke2014inducing,
  Title                    = {Inducing independence: A strategic model of World Bank assistance and legal reform},
  Author                   = {Helmke, Gretchen and McLean, Elena V},
  Journal                  = {Conflict Management and Peace Science},
  Year                     = {2014},
  Number                   = {4},
  Pages                    = {383--405},
  Volume                   = {31},

  Publisher                = {Sage Publications}
}

@Article{helmke2009regimes,
  Title                    = {Regimes and the rule of law: Judicial independence in comparative perspective},
  Author                   = {Helmke, Gretchen and Rosenbluth, Frances},
  Journal                  = {Annual Review of Political Science},
  Year                     = {2009},
  Pages                    = {345--366},
  Volume                   = {12},

  Publisher                = {Annual Reviews}
}
@Book{federalists,
  Title                    = {The Federalist Papers},
  Author                   = {Hamilton, Alexander and Madison, James and Jay, John},
  Publisher                = {Penguin Books},
  Year                     = {1999}
}
@Article{ginsburg2014does,
  Title                    = {Does De Jure Independence Really Matter?: A Reevaluation of Explanations for Judicial Independence},
  Author                   = {Ginsburg, Tom and Melton, James},
  Journal                  = {Journal of Law and Courts},
  Year                     = {2014}
}
@Book{taylor2008judging,
  Title                    = {Judging policy: courts and policy reform in democratic Brazil},
  Author                   = {Taylor, Matthew},
  Publisher                = {Stanford University Press},
  Year                     = {2008}
}
@article{rios2006institutional,
  title={Institutional determinants of the judicialisation of policy in Brazil and Mexico},
  author={Rios-Figueroa, Julio and Taylor, Matthew M},
  journal={Journal of Latin American Studies},
  volume={38},
  number={4},
  pages={739},
  year={2006},
  publisher={Cambridge Univ Press}
}
@Article{linzer2015global,
  Title                    = {A global measure of judicial independence, 1948--2012},
  Author                   = {Linzer, Drew A and Staton, Jeffrey K},
  Journal                  = {Journal of Law and Courts},
  Year                     = {2015},
  Number                   = {2},
  Pages                    = {223--256},
  Volume                   = {3},

  Publisher                = {JSTOR}
}

@Book{hilbink2007judges,
  Title                    = {Judges beyond politics in democracy and dictatorship: lessons from Chile},
  Author                   = {Hilbink, Lisa},
  Publisher                = {Cambridge University Press},
  Year                     = {2007}
},
@Article{ferejohn1998independent,
  Title                    = {Independent judges, dependent judiciary: explaining judicial independence},
  Author                   = {Ferejohn, John},
  Journal                  = {S. Cal. L. Rev.},
  Year                     = {1998},
  Pages                    = {353},
  Volume                   = {72},

  Publisher                = {HeinOnline}
},

@article{dahl1957decision,
  title={Decision-making in a democracy: The Supreme Court as a national policy-maker},
  author={Dahl, Robert A},
  journal={J. Pub. L.},
  volume={6},
  pages={279},
  year={1957},
  publisher={HeinOnline}
},
@article{martin2002dynamic,
  title={Dynamic ideal point estimation via Markov chain Monte Carlo for the US Supreme Court, 1953--1999},
  author={Martin, Andrew D and Quinn, Kevin M},
  journal={Political Analysis},
  volume={10},
  number={2},
  pages={134--153},
  year={2002},
  publisher={Cambridge University Press}
},
@article{oliveira2012decision,
  title={Decision-making processes in the Federal Supreme Court: coalitions and cliques},
  author={Oliveira, Fabiana Luci de},
  journal={Revista de Sociologia e Pol{\'\i}tica},
  volume={20},
  number={44},
  pages={139--153},
  year={2012},
  publisher={SciELO Brasil}
},
@article{desposato2014power,
  title={Power, composition, and decision making: the behavioral consequences of institutional reform on Brazilâ€™s Supremo Tribunal Federal},
  author={Desposato, Scott W and Ingram, Matthew C and Lannes Jr, Osmar P},
  journal={The Journal of Law, Economics, and Organization},
  volume={31},
  number={3},
  pages={534--567},
  year={2014},
  publisher={Oxford University Press}
},
@article{ferreira2014judges,
  title={How judges think in the Brazilian Supreme Court: Estimating ideal points and identifying dimensions},
  author={Ferreira, Pedro Fernando Almeida Nery and Mueller, Bernardo},
  journal={Economia},
  volume={15},
  number={3},
  pages={275--293},
  year={2014},
  publisher={Elsevier}
},
@article{helmke2002logic,
  title={The logic of strategic defection: Court--executive relations in Argentina under dictatorship and democracy},
  author={Helmke, Gretchen},
  journal={American Political Science Review},
  volume={96},
  number={2},
  pages={291--303},
  year={2002},
  publisher={Cambridge University Press}
},
@article{prado2009democracia,
  title={A Democracia e seu Impacto nas Nomea{\c{c}}{\~o}es das Ag{\^e}ncias Reguladoras e Ministros do STF},
  author={Prado, Mariana and T{\"u}rner, Cl{\'a}udia},
  journal={Revista de Direito administrativo},
  volume={250},
  pages={27--74},
  year={2009}
},
@book{arantes1997judiciario,
  title={Judici{\'a}rio e pol{\'\i}tica no Brasil},
  author={Arantes, Rog{\'e}rio Bastos},
  year={1997},
  publisher={Educational Book Publishers}
},
@unpublished{ramos2009understanding,
  title={Understanding Judicial Behavior and Independence in New Democracies using Ideal Point Estimates: The case of the Brazilian Supreme Court (1994-2007)},
  author={Ramos, Antonio Pedro Tournillon and Leoni, Eduardo},
  year={2009}
},
@article{falcao2013stf,
  title={O stf e a agenda p{\'u}blica nacional: de outro desconhecido a supremo protagonista?},
  author={Falc{\~a}o, Joaquim and Oliveira, Fabiana Luci de},
  journal={Lua Nova: Revista de Cultura e Pol{\'\i}tica},
  number={88},
  pages={429--469},
  year={2013},
  publisher={SciELO Brasil}
},
@article{hartmann2016relator,
  title={Ao relator, tudo: o impacto do aumento do poder do ministro relator no Supremo},
  author={Hartmann, Ivar Alberto Martins and da Silva Ferreira, L{\'\i}via},
  journal={Revista Opini{\~a}o Jur{\'\i}dica},
  volume={13},
  number={17},
  pages={268--283},
  year={2016}
},
@book{shepsle1996analyzing,
  title={Analyzing politics: Rationality, behavior and institutions},
  author={Shepsle, Kenneth A},
  year={2010},
  edition={2},
  publisher={New York: WW Norton \& Co}
},
@article{black1948rationale,
  title={On the rationale of group decision-making},
  author={Black, Duncan},
  journal={Journal of political economy},
  volume={56},
  number={1},
  pages={23--34},
  year={1948},
  publisher={The University of Chicago Press}
},

@article{martin2004median,
  title={The median justice on the united states supreme court},
  author={Martin, Andrew D and Quinn, Kevin M and Epstein, Lee},
  journal={NCL rev.},
  volume={83},
  pages={1275},
  year={2004},
  publisher={HeinOnline}
}
,
@book{posner2010judges,
  title={How judges think},
  author={Posner, Richard A},
  year={2010},
  publisher={Harvard University Press}
},
@article{molhano2013preferencias,
  title={Prefer{\^e}ncias, Estrat{\'e}gias e Motiva{\c{c}}{\~o}es: Pressupostos institucionais de teorias sobre comportamento judicial e sua transposi{\c{c}}{\~a}o para o caso brasileiro},
  author={Ribeiro, Leandro Molhano and Arguelhes, Diego Werneck},
  journal={Revista Direito e Pr{\'a}xis},
  volume={4},
  number={7},
  year={2013},
  publisher={Universidade do Estado do Rio de Janeiro}
},
@article{hartmann2016relator,
  title={Ao relator, tudo: o impacto do aumento do poder do ministro relator no Supremo},
  author={Hartmann, Ivar Alberto Martins and da Silva Ferreira, L{\'\i}via},
  journal={Revista Opini{\~a}o Jur{\'\i}dica},
  volume={13},
  number={17},
  pages={268--283},
  year={2016}
},
@Article{arguelhes2010indicaccoes,
  Title                    = {Indica{\c{c}}{\~o}es presidenciais para o Supremo Tribunal Federal e seus fins pol{\'\i}ticos: uma resposta a Mariana Prado e Cl{\'a}udia T{\"u}rner},
  Author                   = {Arguelhes, Diego Werneck and Ribeiro, Leandro Molhano},
  Journal                  = {Revista de Direito Administrativo},
  Year                     = {2010},
  Pages                    = {115--143},
  Volume                   = {255}
},
@article{verissimo2008constituiccao,
  title={A Constitui{\c{c}}{\~a}o de 1988, vinte anos depois: Suprema corte e Ativismo judicial" {\`a} brasileira"},
  author={Verissimo, Marcos Paulo},
  journal={Revista Direito GV},
  volume={4},
  number={2},
  pages={407--440},
  year={2008}
},
@article{rios2006institutional,
  title={Institutional determinants of the judicialisation of policy in Brazil and Mexico},
  author={R{\'\i}os-Figueroa, Julio and Taylor, Matthew M},
  journal={Journal of Latin American Studies},
  volume={38},
  number={4},
  pages={739--766},
  year={2006},
  publisher={Cambridge University Press}
},
@article{arguelhes2017timing,
  title={Timing Control without Docket Control: How Individual Justices Shape the Brazilian Supreme Courtâ€™s Agenda},
  author={Arguelhes, Diego Werneck and Hartmann, Ivar A},
  journal={Journal of Law and Courts},
  volume={5},
  number={1},
  pages={105--140},
  year={2017},
  publisher={University of Chicago Press Chicago, IL}
},
@article{arguelhes2016supremo,
  title={O Supremo Individual: mecanismos de atua{\c{c}}{\~a}o direta dos Ministros sobre o processo pol{\'\i}tico/The Supreme Individuals: how Brazilian Supreme Court Justices can directly influence the political process},
  author={Arguelhes, Diego Werneck and Ribeiro, Leandro Molhano},
  journal={Revista Direito, Estado e Sociedade},
  number={46},
  year={2016}
}
@article{silva2015voto,
  title={Um voto qualquer: O papel do ministro relator na delibera{\c{c}}{\~a}o no Supremo Tribunal Federal},
  author={Silva, Virg{\'\i}lio Afonso da},
  journal={Revista Estudos Institucionais},
  volume={1},
  pages={1},
  year={2015}
}
@article{oliveira2012supremo,
  title={Supremo relator: processo decis{\'o}rio e mudan{\c{c}}as na composi{\c{c}}{\~a}o do STF nos governos FHC e Lula},
  author={Oliveira, Fabiana Luci de},
  journal={Revista Brasileira de Ci{\^e}ncias Sociais},
  volume={27},
  number={80},
  pages={89--115},
  year={2012}
}
@article{da2016relator,
  title={O relator d{\'a} voz ao STF? Uma r{\'e}plica a Almeida e Bogossian},
  author={da Silva, Virg{\'\i}lio Afonso},
  journal={REI-REVISTA ESTUDOS INSTITUCIONAIS},
  volume={2},
  number={2},
  pages={648--669},
  year={2016}
}
@article{dos2016termos,
  title={Nos termos do voto do relator: consideraÃ§Ãµes acerca da fundamentaÃ§Ã£o coletiva dos acÃ³rdÃ£os do STF},
  author={dos Santos Almeida, Danilo and Bogossian, Andre Martins},
  journal={REI-REVISTA ESTUDOS INSTITUCIONAIS},
  volume={2},
  number={1},
  pages={263--297},
  year={2016}
}

@article{carmenluciapauta,
	title={Pressionada, CÃ¡rmen LÃºcia pauta julgamento de habeas corpus de Lula para quinta},
    author={Casado, LetÃ­cia and Turollo Jr., Reynaldo },
    journaltitle={Folha de S. Paulo},
    date={3/21/2018},
    year={2018},
    url={https://www1.folha.uol.com.br/poder/2018/03/pressionada-carmen-lucia-pauta-julgamento-de-habeas-corpus-de-lula-para-quinta.shtml}
}
@article{auxiliomoradia,
	title={DecisÃ£o do STF faz gasto com moradia de juÃ­zes e procuradores crescer 20 vezes em 3 anos},
    author={Shalders, AndrÃ©},
    journaltitle={BBC},
    date={2/2/2018},
    year={2018},
    url={http://www.bbc.com/portuguese/brasil-42586808}
}
@article{pedidodevistagilmar,
	title={Pedido de vista no STF se torna 'pedido a perder de vista'},
    year={2015},
    journaltitle={GGN},
    date={4/5/2015},
    url={https://jornalggn.com.br/noticia/pedido-de-vista-no-stf-se-torna-pedido-a-perder-de-vista}}
}


